@article{Gaulton2017,
author = {Gaulton, Anna and Hersey, Anne and Nowotka, Micha{\l} and Bento, A. Patr{\'{i}}cia and Chambers, Jon and Mendez, David and Mutowo, Prudence and Atkinson, Francis and Bellis, Louisa J. and Cibri{\'{a}}n-Uhalte, Elena and Davies, Mark and Dedman, Nathan and Karlsson, Anneli and Magari{\~{n}}os, Mar{\'{i}}a Paula and Overington, John P. and Papadatos, George and Smit, Ines and Leach, Andrew R.},
doi = {10.1093/nar/gkw1074},
issn = {0305-1048},
journal = {Nucleic Acids Research},
mendeley-groups = {Protein{\_}Drug{\_}Interaction},
month = {jan},
number = {D1},
pages = {D945--D954},
title = {{The ChEMBL database in 2017}},
url = {https://academic.oup.com/nar/article-lookup/doi/10.1093/nar/gkw1074},
volume = {45},
year = {2017}
}

@article{Kanehisa2000,
author = {Kanehisa, M.},
doi = {10.1093/nar/28.1.27},
issn = {13624962},
journal = {Nucleic Acids Research},
mendeley-groups = {Protein{\_}Drug{\_}Interaction},
month = {jan},
number = {1},
pages = {27--30},
title = {{KEGG: Kyoto Encyclopedia of Genes and Genomes}},
url = {https://academic.oup.com/nar/article-lookup/doi/10.1093/nar/28.1.27},
volume = {28},
year = {2000}
}

